<record><leader>00000cas a22000007a 4500</leader><controlfield tag="001">9719677</controlfield><controlfield tag="008">830720d18811885nyudr ne      0    0eng d</controlfield><datafield ind1=" " ind2=" " tag="010"><subfield code="a">sn 83030950 </subfield></datafield><datafield ind1=" " ind2=" " tag="040"><subfield code="a">NPU</subfield><subfield code="b">eng</subfield><subfield code="c">NPU</subfield><subfield code="d">NPX</subfield><subfield code="d">NPT</subfield><subfield code="d">NPH</subfield><subfield code="d">NYS</subfield><subfield code="d">OCLCQ</subfield></datafield><datafield ind1=" " ind2=" " tag="042"><subfield code="a">msc</subfield></datafield><datafield ind1="0" ind2="4" tag="245"><subfield code="a">The Gazette and free press.</subfield></datafield><datafield ind1="1" ind2="3" tag="246"><subfield code="a">Daily gazette and free press</subfield></datafield><datafield ind1=" " ind2=" " tag="260"><subfield code="a">[Elmira, N.Y.] :</subfield><subfield code="b">Gazette Co.</subfield></datafield><datafield ind1=" " ind2=" " tag="300"><subfield code="a">v. ;</subfield><subfield code="c">61-70 cm.</subfield></datafield><datafield ind1=" " ind2=" " tag="310"><subfield code="a">Daily</subfield></datafield><datafield ind1="1" ind2=" " tag="362"><subfield code="a">Began in 1881? Ceased in 1885.</subfield></datafield><datafield ind1=" " ind2=" " tag="588"><subfield code="a">Description based on: Vol. 24, no. 45 (July 6, 1882).</subfield></datafield><datafield ind1=" " ind2="4" tag="651"><subfield code="a">Elmira (N.Y.)</subfield><subfield code="v">Newspapers.</subfield></datafield><datafield ind1=" " ind2=" " tag="752"><subfield code="a">United States</subfield><subfield code="b">New York</subfield><subfield code="c">Chemung</subfield><subfield code="d">Elmira.</subfield></datafield><datafield ind1="0" ind2=" " tag="775"><subfield code="t">Elmira gazette and free press (Elmira, N.Y. : Weekly)</subfield><subfield code="w">(DLC)sn 84031315</subfield></datafield><datafield ind1="0" ind2="0" tag="780"><subfield code="t">Elmira daily gazette</subfield><subfield code="w">(DLC)sn 83030948</subfield></datafield><datafield ind1="0" ind2="0" tag="785"><subfield code="t">Elmira gazette and free press (Elmira, N.Y. : Daily)</subfield><subfield code="w">(DLC)sn 91066115</subfield><subfield code="w">(OCoLC)22933435</subfield></datafield><datafield ind1="1" ind2=" " tag="029"><subfield code="a">AU@</subfield><subfield code="b">000025829244</subfield></datafield></record>